%%%%%%%%%%%%%%%%%%%%%%
BOOKS, MONOGRAPH, PACKAGE, CLASSIC PAPERS
%%%%%%%%%%%%%%%%%%%%%%
@book{Fillipo15,
  author    = {Filippo Santambrogio},
  title     = {{Optimal transport for applied mathematicians}},
  publisher = {Springer},
  year      = {2015}
}

@book{Folland99,
  author    = {Gerald B Folland},
  title     = {{Real analysis: modern techniques and their applications}},
  publisher = {John Wiley \& Sons},
  year      = {1999}
}

@book{Ambrosio05,
  author    = {Luigi Ambrosio and Nicola Gigli and Giuseppe Savaré},
  title     = {{Gradient Flows in Metric Spaces and in the Space of Probability Measures}},
  series    = {Lectures in Mathematics. ETH Zürich},
  publisher = {Birkhäuser Basel},
  year      = {2005}
}

@book{Maso93,
  author    = {Gianni Dal Maso},
  title     = {{An Introduction to $\Gamma$-convergence}},
  publisher = {Birkhäuser Basel},
  series    = {Progress in Nonlinear Differential Equations and Their Applications},
  volume    = {8},
  year      = {1993}
}

@book{Villani03,
  author    = {Cédric Villani},
  title     = {{Topics in optimal transportation}},
  volume    = {58},
  series    = {Graduate Studies in Mathematics},
  publisher = {American Mathematical Society},
  year      = {2003}
}

@book{Villani08,
  author    = {Cédric Villani},
  title     = {{Optimal transport: old and new}},
  volume    = {338},
  publisher = {Springer-Verlag},
  year      = {2008}
}

@book{Billingsley99,
  author    = {Patrick Billingsley},
  title     = {{Convergence of probability measures}},
  edition   = {2},
  publisher = {Wiley Series in Probability and Statistics: Probability and Statistics},
  year      = {1999}
}

@book{Ortega70,
  author    = {J. M. Ortega and W. C. Rheinboldt},
  title     = {{Iterative Solution of Nonlinear Equations in Several Variables}},
  publisher = {Academic Press},
  year      = {1970}
}

@book{Gromov99,
  author    = {Misha Gromov},
  title     = {{Metric Structures for Riemannian and Non-Riemannian Spaces}},
  series    = {Progress in Mathematics},
  publisher = {Birkhäuser, Boston, US},
  volume    = {152},
  year      = {1999}
}

@book{Burago01,
  author    = {Dmitri Burago and Yuri Burago and Sergei Ivanov},
  title     = {{A Course in Metric Geometry}},
  series    = {Graduate Studies in Mathematics},
  publisher = {American Mathematical Society},
  volume    = {33},
  year      = {2001}
}

@article{Peyre19,
  author  = {Gabriel Peyré and Marco Cuturi},
  title   = {{Computational Optimal Transport}},
  journal = {Foundations and Trends in Machine Learning},
  volume  = {11},
  year    = {2019}
}

@article{Flamary21,
  author  = {R{\'e}mi Flamary and Nicolas Courty and Alexandre Gramfort and Mokhtar Z. Alaya and Aur{\'e}lie Boisbunon and Stanislas Chambon and Laetitia Chapel and Adrien Corenflos and Kilian Fatras and Nemo Fournier and L{\'e}o Gautheron and Nathalie T.H. Gayraud and Hicham Janati and Alain Rakotomamonjy and Ievgen Redko and Antoine Rolet and Antony Schutz and Vivien Seguy and Danica J. Sutherland and Romain Tavenard and Alexander Tong and Titouan Vayer},
  title   = {POT: Python Optimal Transport},
  journal = {Journal of Machine Learning Research},
  year    = {2021},
  volume  = {22},
  number  = {78},
  pages   = {1-8},
  url     = {http://jmlr.org/papers/v22/20-451.html}
}

@article{Kanto42,
  author  = {Leonid Kantorovich},
  title   = {{On the transfer of masses (in Russian)}},
  journal = {Doklady Akademii Nauk},
  pages   = {227-229},
  volume  = {37},
  year    = {1942}
}

@article{Monge81,
  author  = {Gaspard Monge},
  title   = {{Mémoire sur la théorie des déblais et des remblais}},
  journal = {Histoire de l’Académie Royale des Sciences},
  pages   = {666-704},
  year    = {1781}
}

@article{Cuturi13,
  author  = {Marco Cuturi},
  journal = {Advances in Neural Information Processing Systems},
  pages   = {2292-2300},
  title   = {{Sinkhorn Distances: Lightspeed Computation of Optimal Transport}},
  year    = {2013}
}

%%%%%%%%%%%%%%%%%%%%%% OT PAPERS %%%%%%%%%%%%%%%%%%%%%%

%%%%%%%%%%%%%%%%%% MULTI-MARGINAL OT %%%%%%%%%%%%%%%%%%%%%%%%%%%%%%%%%%%%%%%%%%%%%
@article{Tran21,
  author  = {Quang Huy Tran and Hicham Janati and Ievgen Redko and Rémi Flamary and Nicolas Courty},
  title   = {{Factored couplings in multi-marginal optimal transport via difference of convex programming}},
  journal = {NeurIPS Optimal Transport and Machine Learning Workshop},
  year    = {2021}
}

@article{Kellerer84,
  author  = {Hans G Kellerer},
  title   = {{Duality theorems for marginal problems}},
  journal = {Zeitschrift für Wahrscheinlichkeitstheorie und verwandte Gebiete},
  pages   = {399-432},
  volume  = {67},
  issue   = {4},
  year    = {1984}
}

@article{Cao19,
  author  = {Jiezhang Cao and Langyuan Mo and Yifan Zhang and Kui Jia and Chunhua Shen and Mingkui Tan},
  title   = {{Multi-marginal Wasserstein GAN}},
  journal = {Advances in Neural Information Processing Systems},
  pages   = {1774-1784},
  year    = {2019}
}

@article{Haasler20,
  author  = {Isabel Haasler and Rahul Singh and Qinsheng Zhang and Johan Karlsson and Yongxin Chen},
  title   = {{Multi-marginal optimal transport and probabilistic graphical models}},
  journal = {arXiv preprint arXiv:2006.14113},
  year    = {2020}
}

@article{Altschuler20,
  author  = {Jason M. Altschuler and Enric Boix-Adsera},
  title   = {{Polynomial-time algorithms for Multimarginal Optimal Transport problems with decomposable structure}},
  journal = {arXiv preprint arXiv:2008.03006},
  year    = {2020}
}

@unpublished{Carlier21,
  author = {Guillaume Carlier},
  title  = {{On the linear convergence of the multi-marginal Sinkhorn algorithm}},
  url    = {https://hal.archives-ouvertes.fr/hal-03176512},
  note   = {Working paper or preprint},
  year   = {2021}
}

@article{Carlier17,
  author  = {Guillaume Carlier and Vincent Duval and Gabriel Peyré and Bernhard Schmitzer},
  title   = {{Convergence of Entropic Schemes for Optimal Transport and Gradient Flows}},
  journal = {arXiv preprint arXiv:1512.02783},
  year    = {2017}
}

@article{Benamou14,
  author  = {Jean-David Benamou and Guillaume Carlier and Marco Cuturi and Luca Nenna and Gabriel Peyré},
  title   = {{Iterative Bregman Projections for Regularized Transportation Problems}},
  journal = {SIAM Journal on Scientific Computing},
  volume  = {37},
  issue   = {2},
  pages   = {1111-1138},
  year    = {2014}
}

@article{Elvander20,
  author  = {Filip Elvander and Isabel Haasler and Andreas Jakobsson and Johan Karlsson},
  title   = {{Multi-marginal optimal transport using partial information with applications in robust localization and sensor fusion}},
  journal = {Signal Processing},
  volume  = {171},
  pages   = {107474},
  year    = {2020}
}

@phdthesis{Nenna16,
  author = {Luca Nenna},
  title  = {{Numerical Methods for Multi-Marginal Optimal Transportation}},
  school = {PSL Research University},
  year   = {2016}
}

@article{Marino20,
  author  = {Simone Di Marino and Augusto Gerolin},
  title   = {{An Optimal Transport Approach for the Schrödinger Bridge Problem and Convergence of Sinkhorn Algorithm}},
  journal = {Journal of Scientific Computing},
  volume  = {85},
  year    = {2020}
}

@article{Gangbo98,
  author  = {Wilfrid Gangbo and Andrzej Swiech},
  title   = {{Optimal maps for the multidimensional Monge‐Kantorovich problem}},
  journal = {Communications on Pure and Applied Mathematics},
  volume  = {51},
  issue   = {1},
  pages   = {23-45},
  year    = {1998}
}

@article{Cohen21,
  author  = {Samuel Cohen and K. S. Sesh Kumar and Marc Peter Deisenroth},
  title   = {Sliced Multi-Marginal Optimal Transport},
  journal = {ICML},
  year    = {2021}
}

@article{Bento20,
  author  = {José Bento and Liang Mi},
  title   = {{Multi-Marginal Optimal Transport Defines a Generalized Metric}},
  journal = {arXiv preprint arXiv:2001.11114},
  year    = {2020}
}

@article{Lin20,
  author  = {Tianyi Lin and Nhat Ho and Marco Cuturi and Michael I. Jordan},
  title   = {{On the Complexity of Approximating Multimarginal Optimal Transport}},
  journal = {arXiv preprint arXiv:1910.00152},
  year    = {2020}
}

@article{Kostic21,
  author  = {Vladimir R Kostic and Saverio Salzo and Massimiliano Pontil},
  title   = {{Linear Convergence of Batch Greenkhorn for Regularized Multimarginal Optimal Transport}},
  journal = {NeurIPS Workshop on Optimal Transport and Machine Learning},
  year    = {2021}
}

%%%%%%%%%%%% GROMOV-WASSERSTEIN DISTANCE AND THE LIKE %%%%%%%%%%%%%%%%%%%%%%%%%%%%%
@article{Peyre16,
  author  = {Gabriel Peyré and Marco Cuturi and Justin Solomon},
  title   = {{Gromov-Wasserstein Averaging of Kernel and Distance Matrices}},
  journal = {International Conference on Machine Learning},
  volume  = {48},
  year    = {2016}
}

@article{Redko20,
  author  = {Ievgen Redko and Titouan Vayer and Rémi Flamary and Nicolas Courty},
  title   = {{CO-Optimal Transport}},
  journal = {Advances in Neural Information Processing Systems},
  volume  = {33},
  year    = {2020}
}

@article{Memoli21,
  author  = {Facundo Mémoli and Tom Needham},
  title   = {{Distance distributions and inverse problems for metric measure spaces}},
  journal = {arXiv preprint arXiv:1810.09646},
  year    = {2021}
}

@article{Memoli11,
  author  = {Facundo Mémoli},
  title   = {{Gromov-Wasserstein distances and the metric approach to object matching}},
  journal = {Foundations of Computational Mathematics},
  pages   = {1-71},
  year    = {2011}
}

@inproceedings{Memoli07,
  author    = {Facundo Mémoli},
  title     = {{On the use of Gromov-Hausdorff Distances for Shape Comparison}},
  booktitle = {Eurographics Symposium on Point-Based Graphics},
  year      = {2007},
  publisher = {The Eurographics Association}
}

@article{Sturm06,
  author  = {Karl-Theodor Sturm},
  title   = {{On the geometry of metric measure spaces}},
  journal = {Acta Mathematica},
  volume  = {196},
  pages   = {65-131},
  year    = {2006}
}

@article{Sturm12,
  author  = {Karl-Theodor Sturm},
  title   = {{The space of spaces: curvature bounds and gradient flows on the space of metric measure spaces}},
  journal = {arXiv preprint arXiv:1208.0434},
  year    = {2012}
}

@article{Hur21,
  author  = {YoonHaeng Hur and Wenxuan Guo and Tengyuan Liang},
  title   = {{Reversible Gromov-Monge Sampler for Simulation-Based Inference}},
  journal = {arXiv preprint arXiv:2109.14090},
  year    = {2021}
}

@article{Melis18,
  author  = {David Alvarez-Melis and Tommi S. Jaakkola},
  title   = {{Gromov-Wasserstein Alignment of Word Embedding Spaces}},
  journal = {Empirical Methods in Natural Language Processing (EMNLP)},
  pages   = {1881-1890},
  year    = {2018}
}

@article{Chowdhury19,
  author  = {Samir Chowdhury and Facundo Mémoli},
  title   = {{The Gromov–Wasserstein distance between networks and stable network invariants}},
  journal = {Information and Inference: A Journal of the IMA},
  pages   = {757-787},
  volume  = {8},
  issue   = {4},
  year    = {2019}
}

@article{Chowdhury20,
  author    = {Samir Chowdhury and Tom Needham},
  title     = {{Generalized Spectral Clustering via Gromov-Wasserstein Learning}},
  booktitle = {Proceedings of the 24th International Conference on Artificial Intelligence and Statistics},
  volume    = {130},
  series    = {Proceedings of Machine Learning Research},
  year      = {2021}
}

@article{Chowdhury21a,
  author  = {Samir Chowdhury and David Miller and Tom Needham},
  title   = {{Quantized Gromov-Wasserstein}},
  journal = {arXiv preprint arXiv:2104.02013},
  year    = {2021}
}

@article{Chowdhury21b,
  author  = {Samir Chowdhury and Tom Needham and Ethan Semrad and Bei Wang and Youjia Zhou},
  title   = {{Hypergraph Co-Optimal Transport: Metric and Categorical Properties}},
  journal = {arXiv preprint arXiv:1810.09646},
  year    = {2021}
}

@article{Vincent21,
  author    = {C{\'e}dric Vincent-Cuaz and Titouan Vayer and R{\'e}mi Flamary and Marco Corneli and Nicolas Courty},
  title     = {{Online Graph Dictionary Learning}},
  booktitle = {Proceedings of the 38th International Conference on Machine Learning},
  volume    = {139},
  series    = {Proceedings of Machine Learning Research},
  pages     = {10564-10574},
  year      = {2021}
}

@article{Ponti20,
  author  = {Nicoló De Ponti and Andrea Mondino},
  title   = {{Entropy-Transport distances between unbalanced metric measure spaces}},
  journal = {arXiv preprint arXiv:2009.10636},
  year    = {2020}
}

@article{Vayer19a,
  author  = {Titouan Vayer and Flamary Rémi and Courty Nicolas and Tavenard Romain and Chapel Laetitia},
  title   = {{Sliced Gromov-Wasserstein}},
  journal = {Advances in Neural Information Processing Systems},
  volume  = {32},
  pages   = {14726-14736},
  year    = {2019}
}

@article{Vayer19b,
  author  = {Titouan Vayer and Laetita Chapel and Rémi Flamary and Romain Tavenard and Nicolas Courty},
  title   = {{Optimal Transport for structured data with application on graphs}},
  journal = {International Conference on Machine Learning},
  volume  = {97},
  year    = {2019}
}

@article{Meyer21b,
  author  = {Meyer Scetbon and Gabriel Peyré and Marco Cuturi},
  title   = {{Linear-Time Gromov Wasserstein Distances using Low Rank Couplings and Costs}},
  journal = {arXiv preprint arXiv:2106.01128},
  year    = {2021}
}

@article{Xu19,
  author  = {Hongteng Xu and Dixin Luo and Hongyuan Zha and Lawrence Carin Duke},
  title   = {{Gromov-Wasserstein Learning for Graph Matching and Node Embedding}},
  journal = {Proceedings of the 36th International Conference on Machine Learning},
  issue   = {97},
  pages   = {6932-6941},
  year    = {2019}
}

@article{Xu19b,
  author  = {Hongteng Xu and Dixin Luo and Lawrence Carin},
  title   = {{Scalable Gromov-Wasserstein Learning for Graph Partitioning and Matching}},
  journal = {Advances in Neural Information Processing Systems},
  volume  = {32},
  year    = {2019}
}

@article{Schmitzer13b,
  author  = {Bernhard Schmitzer and Christoph Schnörr},
  title   = {{Modelling Convex Shape Priors and Matching Based on the Gromov-Wasserstein Distance}},
  journal = {Journal of Mathematical Imaging and Vision},
  volume  = {46},
  issue   = {1},
  pages   = {143-159},
  year    = {2013}
}

@article{Liu20,
  author  = {Weijie Liu and Chao Zhang and Jiahao Xie and Zebang Shen and Hui Qian and Nenggan Zheng},
  title   = {{Partial Gromov-Wasserstein Learning for Partial Graph Matching}},
  journal = {arXiv preprint arXiv:2012.01252},
  year    = {2020}
}

@article{Sejourne20,
  author  = {Thibault Séjourné and François-Xavier Vialard and Gabriel Peyré},
  title   = {{The Unbalanced Gromov Wasserstein Distance: Conic Formulation and Relaxation}},
  journal = {Advances in Neural Information Processing Systems},
  volume  = {34},
  year    = {2021}
}

@article{Chapel20,
  author  = {Laetitia Chapel and Mokhtar Z. Alaya and Gilles Gasso},
  title   = {{Partial Optimal Tranport with applications on Positive-Unlabeled Learning}},
  journal = {Advances in Neural Information Processing Systems},
  year    = {2020}
}

@article {Demetci2020,  
	author = {Pinar Demetci and Rebecca Santorella and Bj{\"o}rn Sandstede and William Stafford Noble and Ritambhara Singh},
	title = {{Gromov-Wasserstein optimal transport to align single-cell multi-omics data}},
	journal = {bioRxiv},
  year = {2020}
}

@article{Schiebinger19,
    title = {{Optimal-Transport Analysis of Single-Cell Gene Expression Identifies Developmental Trajectories in Reprogramming}},
    author = {Geoffrey Schiebinger and Jian Shu and Marcin Tabaka and Brian Cleary and Vidya Subramanian and Aryeh Solomon and Joshua Gould and Siyan Liu and Stacie Lin and Peter Berube and Lia Lee and Jenny Chen and Justin Brumbaugh and Philippe Rigollet and Konrad Hochedlinger and Rudolf Jaenisch and Aviv Regev and Eric S. Lander},
    journal = {Cell},
    volume = {176},
    number = {4},
    pages = {928-943},
    year = {2019}
}

@article{Zhang21,
  author  = {Zhengxin Zhang and Youssef Mroueh and Ziv Goldfeld and Bharath K. Sriperumbudur},
  title   = {{Cycle Consistent Probability Divergences Across Different Spaces}},
  journal = {arXiv preprint arXiv:2111.11328},
  year    = {2021}
}

@article{Alaya22,
    author = {Mokhtar Z. Alaya and Maxime Bérar and Gilles Gasso and Alain Rakotomamonjy},
    title = {Theoretical guarantees for bridging metric measure embedding and optimal transport},
    journal = {Neurocomputing},
    volume = {468},
    pages = {416-430},
    year = {2022}
}

@article{Abraham13,
    author = {Romain Abraham and Jean-François Delmas and Patrick Hoscheit},
    title = {{A note on the Gromov-Hausdorff-Prokhorov distance between (locally) compact metric measure spaces}},
    journal = {Electronic Journal of Probability},
    pages = {1-21},
    volume = {18},
    year = {2013}
}

@article{Miermont09,
  author = {Gr\'egory Miermont},
  title = {Tessellations of random maps of arbitrary genus},
  journal = {Annales scientifiques de l'\'Ecole Normale Sup\'erieure},
  pages = {725-781},
  volume = {Series 4, 42},
  number = {5},
  year = {2009}
}

%%%%%%%%%%%%%% UNBALANCED OT %%%%%%%%%%%%%%%%%%%%%%%%%%%%%%%%%%%%%%%%%%%%%%
@article{Figalli10,
  author  = {Alessio Figalli},
  title   = {{The optimal partial transport problem}},
  journal = {Archive for rational mechanics and analysis},
  volume  = {109},
  issue   = {2},
  pages   = {533-560},
  year    = {2010}
}

@article{Caffarelli10,
  author  = {Luis Caffarelli and Robert J. McCann},
  title   = {{Free boundaries in optimal transport and Monge-Ampère obstacle problems}},
  journal = {Annals of Mathematics},
  volume  = {171},
  issue   = {2},
  pages   = {673-730},
  year    = {2010}
}

@article{Ma21,
  author  = {Zhiheng Ma and Xing Wei and Xiaopeng Hong and Hui Lin and Yunfeng Qiu and Yihong Gong},
  title   = {{Learning to Count via Unbalanced Optimal Transport}},
  journal = {Proceedings of the AAAI Conference on Artificial Intelligence},
  volume  = {35},
  number  = {3},
  pages   = {2319-2327},
  year    = {2021}
}

@article{Benamou03,
  author  = {Jean-David Benamou},
  title   = {{Numerical resolution of an “unbalanced” mass transport problem}},
  journal = {ESAIM: Mathematical Modelling and Numerical Analysis},
  pages   = {851-868},
  volume  = {37},
  issue   = {5},
  year    = {2003}
}

@phdthesis{Chizat17,
  author = {Lénaïc Chizat},
  title  = {{Unbalanced Optimal Transport: Models, Numerical Methods, Applications}},
  school = {PSL Research University},
  year   = {2017}
}

@article{Chizat18a,
  author  = {Lénaïc Chizat and Gabriel Peyré and Bernhard Schmitzer and François-Xavier Vialard},
  title   = {{Scaling algorithms for unbalanced optimal transport problems}},
  journal = {Mathematics of Computation},
  volume  = {87},
  pages   = {2563-2609},
  year    = {2018}
}

@article{Chizat18b,
  author  = {Lénaïc Chizat and Gabriel Peyré and Bernhard Schmitzer and François-Xavier Vialard},
  title   = {{Unbalanced optimal transport: Dynamic and Kantorovich formulations}},
  journal = {Journal of Functional Analysis},
  volume  = {274},
  number  = {11},
  pages   = {3090-3123},
  year    = {2018}
}

@article{Sejourne19,
  author  = {Thibault Séjourné and Jean Feydy and François-Xavier Vialard and Alain Trouvé and Gabriel Peyré},
  title   = {{Sinkhorn Divergences for Unbalanced Optimal Transport}},
  journal = {arXiv preprint arXiv:1910.12958},
  year    = {2019}
}

@article{Sejourne21,
  author  = {Thibault Séjourné François-Xavier Vialard and Gabriel Peyré},
  title   = {{Faster Unbalanced Optimal Transport: Translation invariant Sinkhorn and 1-D Frank-Wolfe}},
  journal = {NeurIPS Optimal Transport and Machine Learning Workshop},
  year    = {2021}
}

@article{Liero18,
  author  = {Matthias Liero and Alexander Mielke and and Giuseppe Savaré},
  title   = {{Optimal entropy-transport problems and a new Hellinger–Kantorovich distance between positive measures}},
  journal = {Inventiones Mathematicae},
  volume  = {211},
  issue   = {3},
  pages   = {969-1117},
  year    = {2018}
}

@article{Balaji20,
  author  = {Yogesh Balaji and Rama Chellappa and Soheil Feizi},
  title   = {{Robust Optimal Transport with Applications in Generative Modeling and Domain Adaptation}},
  journal = {Advances in Neural Information Processing Systems},
  year    = {2020}
}

@article{Yang19,
  author  = {Karren D. Yang and Caroline Uhler},
  title   = {{Scalable Unbalanced Optimal Transport using Generative Adversarial Networks}},
  journal = {7th International Conference on Learning Representations},
  year    = {2019}
}

@article{Khiem20,
  author  = {Khiem Pham and Khang Le and Nhat Ho and Tung Pham and Hung Bui},
  title   = {{On Unbalanced Optimal Transport: An Analysis of Sinkhorn Algorithm}},
  journal = {Proceedings of the 37 th International Conference on Machine Learning},
  volume  = {119},
  year    = {2020}
}

@article{Lee20,
  author  = {John Lee and Nicholas P. Bertrand and Christopher J. Rozell},
  title   = {{Parallel Unbalanced Optimal Transport Regularization for Large Scale Imaging Problems}},
  journal = {arXiv preprint arXiv:1909.00149},
  year    = {2020}
}

@inproceedings{Chapel21,
  author = {Laetitia Chapel and Rémi Flamary and Haoran Wu and Cédric Févotte and Gilles Gasso},
  title = {Unbalanced Optimal Transport through Non-negative Penalized Linear Regression},
  booktitle = {Neural Information Processing Systems (NeurIPS)},
  year = {2021}
}

%%%%%%%%%%%%%% LOW RANK OT %%%%%%%%%%%%%%%%%%%%%%%%%%%%%
@article{Meyer21a,
  author  = {Meyer Scetbon and Marco Cuturi and Gabriel Peyré},
  title   = {{Low-Rank Sinkhorn Factorization}},
  journal = {Proceedings of the 38th International Conference on Machine Learning},
  volume  = {139},
  pages   = {9344-9354},
  year    = {2021}
}

@article{Chiheng21,
  author  = {Chi-Heng Lin and Mehdi Azabou and Eva Dyer},
  title   = {{Making transport more robust and interpretable by moving data through a small number of anchor points}},
  journal = {Proceedings of the 38th International Conference on Machine Learning},
  volume  = {139},
  pages   = {6631-6641},
  year    = {2021}
}

@article{Forrow18,
  author  = {Aden Forrow and Jan-Christian Hütter and Mor Nitzan and Philippe Rigollet and Geoffrey Schiebinger and Jonathan Weed},
  title   = {{Statistical Optimal Transport via Factored Couplings}},
  journal = {The 22nd International Conference on Artificial Intelligence and Statistics},
  pages   = {2454-2465},
  year    = {2019}
}

%%%%%%%%% BARYCENTRE %%%%%%%%%%%%%%%%%%%%%%%%%%%%%%%%
@article{Agueh11,
  author  = {Martial Agueh and Guillaume Carlier},
  title   = {{Barycenters in the Wasserstein Space}},
  journal = {SIAM Journal on Mathematical Analysis},
  volume  = {43},
  issue   = {2},
  pages   = {904-924},
  year    = {2011}
}

%%%%%%%%%%%%%%%%%%% APPLICATIONS %%%%%%%%%%%%%%%%%%%%%%%%%%%%%%%%%%%%%
@article{Arjovsky17,
  author  = {Martin Arjovsky and Soumith Chintala and Léon Bottou},
  title   = {{Wasserstein Generative Adversarial Networks}},
  journal = {International Conference on Machine Learning},
  pages   = {214-223},
  volume  = {70},
  year    = {2017}
}

@article{Rolet16,
  author  = {Antoine Rolet and Marco Cuturi and Gabriel Peyré},
  title   = {{Fast Dictionary Learning with a Smoothed Wasserstein Loss}},
  journal = {Proceedings of the 19th International Conference on Artificial Intelligence and Statistics},
  pages   = {630-638},
  volume  = {51},
  year    = {2016}
}

@article{Solomon14,
  author  = {Justin Solomon and Raif Rustamov and Leonidas Guibas and Adrian Butscher},
  title   = {{Wasserstein Propagation for Semi-Supervised Learning}},
  journal = {Proceedings of the 31st International Conference on Machine Learning},
  pages   = {306-314},
  volume  = {32},
  issue   = {1},
  year    = {2014}
}

@article{Solomon16,
  author  = {Justin Solomon and Gabriel Peyré and Vladimir G. Kim and Suvrit Sra},
  title   = {{Entropic Metric Alignment for Correspondence Problems}},
  year    = {2016},
  volume  = {35},
  number  = {4},
  journal = {ACM Transactions on Graphics}
}

@article{Frogner19,
  author  = {Charlie Frogner and Farzaneh Mirzazadeh and Justin Solomon},
  title   = {{Learning Embeddings into Entropic Wasserstein Spaces}},
  journal = {arXiv preprint arXiv:1905.03329},
  year    = {2019}
}

@article{Frogner15,
  author  = {Charlie Frogner and Chiyuan Zhang and Hossein Mobahi and Mauricio Araya and Tomaso A Poggio},
  title   = {{Learning with a Wasserstein loss}},
  journal = {Advances in Neural Information Processing Systems},
  pages   = {2053-2061},
  year    = {2015}
}

%%%%%%%%%%%%%%%%%%%%%%% STATISTICAL AND NUMERICAL ASPECTS %%%%%%%%%%%%%%%%%%%%%%%%%%%
@article{Ramdas17,
  author  = {Aaditya Ramdas and Nicolás García Trillos and Marco Cuturi},
  title   = {{On Wasserstein Two-Sample Testing and Related Families of Nonparametric Tests}},
  journal = {Entropy},
  volume  = {19},
  issue   = {2},
  year    = {2017}
}

@article{Genevay19,
  title   = {Sample Complexity of Sinkhorn Divergences},
  author  = {Aude Genevay and Lénaic Chizat and Francis Bach and Marco Cuturi and Gabriel Peyré},
  journal = {Proceedings of the Twenty-Second International Conference on Artificial Intelligence and Statistics},
  pages   = {1574-1583},
  year    = {2019},
  volume  = {89}
}

@article{Weed19,
  author  = {Jonathan Weed and Francis Bach},
  title   = {{Sharp asymptotic and finite-sample rates of convergence of empirical measures in Wasserstein distance}},
  journal = {Bernoulli},
  pages   = {2620-2648},
  volume  = {25},
  issue   = {4A},
  year    = {2019}
}

@article{Altschuler17,
  author  = {Jason Altschuler and Jonathan Weed and Philippe Rigollet},
  title   = {{Near-Linear Time Approximation Algorithms for Optimal Transport via Sinkhorn Iteration}},
  journal = {Proceedings of the 31st International Conference on Neural Information Processing Systems},
  pages   = {1961–1971},
  year    = {2017}
}

@article{Lehmann21,
  author  = {Tobias Lehmann and Max-K. von Renesse and Alexander Sambale and André Uschmajew},
  title   = {{A note on overrelaxation in the Sinkhorn algorithm}},
  journal = {arXiv preprint arXiv:2012.12562},
  year    = {2020}
}

@article{Thibault21,
  author  = {Alexis Thibault and Lénaïc Chizat and Charles Dossal and Nicolas Papadakis},
  title   = {{Overrelaxed Sinkhorn–Knopp Algorithm for Regularized Optimal Transport}},
  journal = {Algorithms},
  volume  = {14},
  number  = {5},
  year    = {2021}
}

@article{Xie20,
  author  = {Yujia Xie and Xiangfeng Wang and Ruijia Wang and Hongyuan Zha},
  title   = {{A Fast Proximal Point Method for Computing Exact Wasserstein Distance}},
  journal = {Proceedings of The 35th Uncertainty in Artificial Intelligence Conference},
  series  = {Proceedings of Machine Learning Research},
  volume  = {115},
  pages   = {433-453},
  year    = {2020}
}

@article{Schmitzer19,
  author  = {Bernhard Schmitzer},
  title   = {{Stabilized Sparse Scaling Algorithms for Entropy Regularized Transport Problems}},
  journal = {SIAM Journal on Scientific Computing},
  issue   = {3},
  pages   = {1443-1481},
  year    = {2019},
  volume  = {41}
}

@article{Alfonsi21,
  author  = {Aurélien Alfonsi and Rafaël Coyaud and Virginie Ehrlacher and Damiano Lombardi},
  title   = {{Approximation of optimal transport problems with marginal moments constraints}},
  journal = {Mathematics of Computation},
  number  = {328},
  volume  = {90},
  pages   = {689-737},
  year    = {2021}
}

%%%%%%%%%%%%%%%%%%%%%%% MISC %%%%%%%%%%%%%%%%%%%%%%%%%%%%%%%%
@article{Yousefzadeh20,
  author  = {Roozbeh Yousefzadeh},
  title   = {{A Homotopy Algorithm for Optimal Transport}},
  journal = {12th OPT Workshop on Optimization for Machine Learning},
  year    = {2020}
}

@article{Feydy19,
  author  = {Jean Feydy and Thibault Séjourné and François-Xavier Vialard and Shun-ichi Amari and Alain Trouvé and Gabriel Peyré},
  title   = {{Interpolating between Optimal Transport and MMD using Sinkhorn Divergences}},
  journal = {Proceedings of the 22nd International Conference on Artificial Intelligence and Statistics (AISTATS)},
  year    = {2019}
}

@inproceedings{Janati20,
  title     = {Spatio-temporal alignments: Optimal transport through space and time},
  author    = {Hicham Janati and Marco Cuturi and Alexandre Gramfort},
  booktitle = {Proceedings of the Twenty Third International Conference on Artificial Intelligence and Statistics},
  pages     = {1695-1704},
  year      = {2020},
  volume    = {108},
  series    = {Proceedings of Machine Learning Research},
  month     = {26-28 Aug},
  publisher = {PMLR}
}

@article{Paty19,
  author  = {François-Pierre Paty and Marco Cuturi},
  title   = {{Subspace Robust Wasserstein Distances}},
  journal = {Proceedings of the 36th International Conference on Machine Learning},
  volume  = {97},
  pages   = {5072-5081},
  year    = {2019}
}

@article{Friedland20,
  author  = {Shmuel Friedland},
  title   = {{Tensor optimal transport, distance between sets of measures and tensor scaling}},
  journal = {arXiv preprint arXiv:2005.00945},
  year    = {2020}
}

@article{Leonard12,
  author  = {Christian Léonard},
  title   = {{From the Schrödinger problem to the Monge–Kantorovich problem}},
  journal = {Journal of Functional Analysis},
  volume  = {262},
  number  = {4},
  pages   = {1879-1920},
  year    = {2012}
}

%%%%%%%%%%%%%%%%%%%% OT AND DOMAIN ADAPTATION %%%%%%%%%%%%%%%%%%%%%%%%%%%%%%%%%%
@article{Courty16,
  author  = {Nicolas Courty and Rémi Flamary and Devis Tuia and Alain Rakotomamonjy},
  title   = {{Optimal transport for domain adaptation}},
  journal = {IEEE Transactions on Pattern Analysis and Machine Intelligence},
  volume  = {39},
  pages   = {1853-1865},
  year    = {2016}
}

@article{Redko19a,
  author  = {Ievgen Redko and Nicolas Courty and Rémi Flamary and Devis Tuia},
  title   = {{Optimal Transport for Multi-source Domain Adaptation under Target Shift}},
  journal = {Proceedings of Machine Learning Research},
  volume  = {89},
  year    = {2019}
}

@article{Yan18,
  author  = {Yuguang Yan and Wen Li and Hanrui Wu and Huaqing Min and Mingkui Tan and Qingyao Wu},
  title   = {{Semi-Supervised Optimal Transport for Heterogeneous Domain Adaptation}},
  journal = {Proceedings of the Twenty-Seventh International Joint Conference on Artificial Intelligence, {IJCAI-18}},
  pages   = {2969-2975},
  year    = {2018}
}

@article{Fatras21,
  author  = {Kilian Fatras and Thibault Séjourné and Nicolas Courty and Rémi Flamary},
  title   = {{Unbalanced minibatch Optimal Transport; applications to Domain Adaptation}},
  journal = {International Conference on Machine Learning},
  year    = {2021}
}

%%%%%%%%%%%%%%%%%%%%%%%%%
DC PROGRAMMING
%%%%%%%%%%%%%%%%%%%%%%%%%
@article{Tao97,
  author  = {Tao Dinh Pham and An Hoai Thi Le},
  title   = {{Convex analysis approach to D.C. programming: Theory, Algorithm and Applications}},
  journal = {Acta Mathematica Vietnamica},
  pages   = {289-355},
  volume  = {22},
  issue   = {1},
  year    = {1997}
}

@article{Tao86,
  author  = {Tao Dinh Pham and Souad El Bernoussi},
  title   = {{Algorithms for Solving a Class of Nonconvex Optimization Problems. Methods of Subgradients}},
  journal = {North-Holland Mathematics Studies},
  pages   = {249-271},
  volume  = {129},
  year    = {1986}
}

@article{Duy18,
  author  = {Duy Nhat Phan and Hoai Minh Le and Hoai An Le Thi},
  title   = {Accelerated Difference of Convex functions Algorithm and its Application to Sparse Binary Logistic Regression},
  journal = {Proceedings of the Twenty-Seventh International Joint Conference on Artificial Intelligence, {IJCAI-18}},
  pages   = {1369-1375},
  month   = {7},
  year    = {2018}
}

@phdthesis{Thanh15,
  author = {Thanh Xuan Vo},
  title  = {{Learning with sparsity and uncertainty by Difference of Convex functions optimization}},
  school = {Université de Lorraine},
  year   = {2015}
}

%%%%%%%%%%%%%%%%%%%%%%%%%%%%
MISCELLANEOUS
%%%%%%%%%%%%%%%%%%%%%%%%%%%%
@article{Saenko10,
  author  = {Kate Saenko and Brian Kulis and Mario Fritz and Trevor Darrell},
  title   = {{Adapting visual category models to new domains}},
  journal = {Proceedings of the 11th European Conference on Computer Vision},
  pages   = {213-226},
  year    = {2010}
}

@article{Szegedy15,
  author  = {Christian Szegedy and Wei Liu and Yangqing Jia and Pierre Sermanet and Scott Reed and Dragomir Anguelov and Dumitru Erhan and Vincent Vanhoucke and Andrew Rabinovich},
  title   = {{Going Deeper with Convolutions}},
  journal = {IEEE Conference on Computer Vision and Pattern Recognition (CVPR)},
  pages   = {1-9},
  year    = {2015}
}

@article{Jia14,
  author  = {Yangqing Jia and Evan Shelhamer and Jeff Donahue and Sergey Karayev and Jonathan Long and Ross Girshick and Sergio Guadarrama and Trevor Darrell},
  title   = {{Caffe: Convolutional Architecture for Fast Feature Embedding}},
  journal = {Proceedings of the 22nd ACM International Conference on Multimedia},
  pages   = {675-678},
  year    = {2014}
}

@article{Joel93,
  author  = {Joel E. Cohen and Uriel G. Rothblum},
  title   = {{Nonnegative ranks, decompositions, and factorizations of nonnegative matrices}},
  journal = {Linear Algebra and its Applications},
  volume  = {190},
  pages   = {149-168},
  year    = {1993}
}

@article{Qinglan09,
  author  = {Qinglan Xia},
  title   = {{The geodesic problem in quasimetric spaces}},
  journal = {Journal of Geometric Analysis},
  volume  = {19},
  issue   = {2},
  pages   = {452-479},
  year    = {2009}
}

@misc{Dominique20,
  author       = {Lecomte Dominique},
  title        = {{Cours de Théorie Descriptive des Ensembles}},
  howpublished = {\url{https://webusers.imj-prg.fr/~dominique.lecomte/Chapitres/2-Polish%20spaces.pdf}},
  year         = {2020}
}

@article{Koopmans57,
  author  = {Tjalling C. Koopmans and Martin Beckmann},
  title   = {{Assignment Problems and the Location of Economic Activities}},
  journal = {Econometrica},
  pages   = {53-76},
  volume  = {25},
  issue   = {1},
  year    = {1957}
}

@article{Kiss18,
  author  = {Gergely Kiss and Jean-Luc Marichal and Bruno Teheux},
  title   = {{A generalization of the concept of distance based on the simplex inequality}},
  journal = {Beiträge zur Algebra und Geometrie / Contributions to Algebra and Geometry},
  volume  = {59},
  pages   = {247-266},
  year    = {2018}
}

@article{Kosowsky94,
  author  = {Jeffrey Joseph Kosowsky and Alan Loddon Yuille},
  title   = {{The invisible hand algorithm: Solving the assignment problem with statistical physics}},
  journal = {Neural Networks},
  volume  = {7},
  number  = {3},
  pages   = {477-490},
  year    = {1994}
}

@article{Tseng01,
  author  = {P.Tseng},
  title   = {{Convergence of a Block Coordinate Descent Method for Nondifferentiable Minimization}},
  journal = {Journal of Optimization Theory and Applications},
  volume  = {109},
  pages   = {475-494},
  year    = {2001}
}

@article{Birkhoff46,
  author  = {George David Birkhoff},
  title   = {{Tres observaciones sobre el algebra lineal}},
  journal = {Universidad Nacional de Tucuman, Revista},
  pages   = {147-150},
  volume  = {5},
  year    = {1946}
}

@article{Borgwardt06,
  author  = {Karsten M. Borgwardt and Arthur Gretton and Malte J. Rasch and Hans-Peter Kriegel and Bernhard Schölkopf and Alex J. Smola},
  title   = {{Integrating structured biological data by Kernel Maximum Mean Discrepancy}},
  journal = {Bioinformatics},
  volume  = {22},
  number  = {14},
  pages   = {49-57},
  month   = {7},
  year    = {2006}
}

@article{Schoenberg38,
  author  = {I. J. Schoenberg},
  title   = {{Metric Spaces and Positive Definite Functions}},
  journal = {Transactions of the American Mathematical Society},
  pages   = {522-536},
  volume  = {44},
  issue   = {3},
  month   = {11},
  year    = {1938}
}

@article{Frank56,
  author  = {Marguerite Frank and Philip Wolfe},
  title   = {{An algorithm for quadratic programming}},
  journal = {Naval Research Logistics Quarterly},
  volume  = {3},
  number  = {1-2},
  pages   = {95-110},
  year    = {1956}
}

@article{Konno76,
  author  = {Hiroshi Konno},
  title   = {{Maximization of a convex quadratic function under linear constraints}},
  journal = {Mathematical Programming},
  volume  = {11},
  issue   = {1},
  pages   = {117-127},
  year    = {1976}
}

@article{Sinkhorn67,
  author  = {Richard Sinkhorn and Paul Knopp},
  title   = {{Concerning nonnegative matrices and doubly stochastic matrices}},
  journal = {Pacific Journal of Mathematics},
  volume  = {21},
  issue   = {2},
  pages   = {343–348},
  year    = {1967}
}

@inproceedings{HuiLCHY18,
  author    = {Le Hui and Xiang Li and Jiaxin Chen and Hongliang He and Jian Yang},
  title     = {Unsupervised Multi-Domain Image Translation with Domain-Specific Encoders/Decoders},
  booktitle = {24th International Conference on Pattern Recognition, {ICPR} 2018, Beijing, China, August 20-24, 2018},
  pages     = {2044-2049},
  publisher = {{IEEE} Computer Society},
  year      = {2018}
}

@article{HeZKSC19,
  author  = {Zhenliang He and Wangmeng Zuo and Meina Kan and Shiguang Shan and Xilin Chen},
  title   = {AttGAN: Facial Attribute Editing by Only Changing What You Want},
  journal = {{IEEE} Trans. Image Process.},
  volume  = {28},
  number  = {11},
  pages   = {5464-5478},
  year    = {2019}
}

@article{Maron18,
  author  = {Haggai Maron and Yaron Lipman},
  title   = {{(Probably) Concave Graph Matching}},
  journal = {Advances in Neural Information Processing Systems},
  pages   = {406-416},
  year    = {2018}
}

@article{Gallo77,
  author  = {Giorgio Gallo and Aydin Ülkücü},
  title   = {{Bilinear programming: An exact algorithm}},
  journal = {Mathematical Programming},
  issue   = {12},
  pages   = {173-194},
  year    = {1977}
}

@article{Csiszar63,
  author  = {Imre Csiszár},
  title   = {{Eine informationstheoretische Ungleichung und ihre anwendung auf den Beweis der ergodizität von Markoffschen Ketten}},
  journal = {Magyar Tud. Akad. Mat. Kutató Int. Közl},
  volume  = {8},
  pages   = {85-108},
  year    = {1963}
}